@inproceedings{aggy18,
  title={Time Series Deinterleaving of DNS Traffic},
  author={Asiaee T., Amir and Goel, Hardik and Gosh, Shalini and Yegneswaran, Vinod  and Banerjee, Arindam},
  booktitle={1st Deep Learning and Security Workshop (DLS)},
  Commentpages={801--809},
  year={2018},
  abstract={}, 
  Commentorganization={SIAM}
}
