@inproceedings{ascb16,
  title={High Dimensional Structured Estimation with Noisy Designs},
  author={Asiaee T., Amir and Chaterjee, Soumyadeep and Banerjee, Arindam},
  booktitle={16th SIAM International Conference on Data Mining (SDM)},
  pages={801--809},
  year={2016},
  organization={SIAM}
}