@inproceedings{gabz15,
  title={Revisiting Non-Progressive Influence Models: Scalable Influence Maximization in Social Networks.},
  author={Golnari, Golshan and Asiaee T., Amir and Banerjee, Arindam and Zhang, Zhi-Li},
  booktitle={31st Conference on Uncertainty in Artificial Intelligence (UAI)},
  pages={316--325},
  year={2015}
}

@incollection{asaa13,
  title={Influence maximization for informed agents in collective behavior},
  author={Asiaee T., Amir and Afshar, Mohammad and Asadpour, Masoud},
  booktitle={Distributed Autonomous Robotic Systems},
  pages={389--402},
  year={2013},
  publisher={Springer}
}

@inproceedings{atbs12,
  title={If you are happy and you know it... tweet},
  author={Asiaee T., Amir and Tepper, Mariano and Banerjee, Arindam and Sapiro, Guillermo},
  booktitle={21st ACM international conference on Information and knowledge management (CIKM)},
  pages={1602--1606},
  year={2012},
  organization={ACM}
}

